@article{smith2020,
  author  = {A.B. Smith and C.D. Jones},
  title   = {Title of the Paper},
  journal = {Journal Name},
  year    = {2020},
  volume  = {12},
  pages   = {1-10}
}
