@misc{redmon2016yolo9000betterfasterstronger,
  title         = {YOLO9000: Better, Faster, Stronger},
  author        = {Joseph Redmon and Ali Farhadi},
  year          = {2016},
  eprint        = {1612.08242},
  archiveprefix = {arXiv},
  primaryclass  = {cs.CV},
  url           = {https://arxiv.org/abs/1612.08242}
}

@misc{godard2017unsupervisedmonoculardepthestimation,
  title         = {Unsupervised Monocular Depth Estimation with Left-Right Consistency},
  author        = {Cl√©ment Godard and Oisin Mac Aodha and Gabriel J. Brostow},
  year          = {2017},
  eprint        = {1609.03677},
  archiveprefix = {arXiv},
  primaryclass  = {cs.CV},
  url           = {https://arxiv.org/abs/1609.03677}
}

@misc{redmon2018yolov3:anincrementalimprovement,
  title         = {Yolov3: An Incremental Improvement},
  author        = {Joseph Redmon and Ali Farhadi},
  year          = {2018},
  eprint        = {1804.02767},
  archiveprefix = {arXiv},
  primaryclass  = {cs.CV},
  url           = {https://arxiv.org/abs/1804.02767}
}

@misc{liu2016ssd:singleshotmultiboxdetector,
  title         = {SSD: Single Shot MultiBox Detector},
  author        = {Wei Liu and Dragomir Anguelov and Dumitru Erhan and Christian Szegedy and Scott Reed and Cheng-Yang Fu and Alexander C. Berg},
  year          = {2016},
  eprint        = {1512.02325},
  archiveprefix = {arXiv},
  primaryclass  = {cs.CV},
  url           = {https://arxiv.org/abs/1512.02325}
}


@misc{ren2016fasterr-cnn,
  title         = {Faster R-CNN: Towards Real-Time Object Detection with Region Proposal Networks},
  author        = {Shaoqing Ren, Kaiming He, Ross Girshick and Jian Sun},
  year          = {2016},
  eprint        = {1506.01497},
  archiveprefix = {arXiv},
  primaryclass  = {cs.CV},
  url           = {https://arxiv.org/abs/1506.01497}
}

@article{huiyi_li_2024,
  author         = {Li, Hang and Liu, Shuai and Wang, Bin and Wu, Yuanhao},
  title          = {Monocular Depth Estimation Based on Dilated Convolutions and Feature Fusion},
  journal        = {Applied Sciences},
  volume         = {14},
  year           = {2024},
  number         = {13},
  article-number = {5833},
  url            = {https://www.mdpi.com/2076-3417/14/13/5833},
  issn           = {2076-3417},
  doi            = {10.3390/app14135833}
}

@article{rui_zhang_2024,
  title   = {Monocular Depth Estimation Using Multi-Dimensional Dynamic Convolution},
  author  = {Rui Zhang and Hongliang Yu},
  journal = {Applied and Computational Engineering},
  year    = {2024},
  doi     = {10.54254/2755-2721/68/20241451}
}

@article{shuwei_shao_2024,
  author   = {Shao, Shuwei and Pei, Zhongcai and Chen, Weihai and Liu, Qiang and Yue, Haosong and Li, Zhengguo},
  title    = {Sparse Pseudo-LiDAR Depth Assisted Monocular Depth Estimation},
  journal  = {IEEE Transactions on Intelligent Vehicles},
  year     = {2024},
  volume   = {9},
  number   = {1},
  pages    = {917--929},
  keywords = {Laser radar;Estimation;Azimuth;Three-dimensional displays;Cameras;Intelligent vehicles;Point cloud compression;Monocular Depth Estimation;LiDAR;Pseudo-LiDAR},
  doi      = {10.1109/TIV.2023.3299935}
}
